@ARTICLE{Blei03latentdirichlet,
	author = {David M. Blei and Andrew Y. Ng and Michael I. Jordan and John Lafferty},
	title = {Latent Dirichlet allocation},
	journal = {Journal of Machine Learning Research},
	year = {2003},
	pages = {993--1022}
}

@inproceedings{TopicCoherence,
	author = {R\"{o}der, Michael and Both, Andreas and Hinneburg, Alexander},
	title = {Exploring the Space of Topic Coherence Measures},
	year = {2015},
	isbn = {9781450333177},
	publisher = {Association for Computing Machinery},
	address = {New York, NY, USA},
	url = {https://doi.org/10.1145/2684822.2685324},
	doi = {10.1145/2684822.2685324},
	booktitle = {Proceedings of the Eighth ACM International Conference on Web Search and Data Mining},
	pages = {399–408},
	numpages = {10},
	keywords = {topic evaluation, topic coherence, topic model},
	location = {Shanghai, China},
	series = {WSDM ’15}
}

@inproceedings{dynamicLDA,
	author = {Blei, David M. and Lafferty, John D.},
	title = {Dynamic Topic Models},
	year = {2006},
	isbn = {1595933832},
	publisher = {Association for Computing Machinery},
	address = {New York, NY, USA},
	url = {https://doi.org/10.1145/1143844.1143859},
	doi = {10.1145/1143844.1143859},
	booktitle = {Proceedings of the 23rd International Conference on Machine Learning},
	pages = {113–120},
	numpages = {8},
	location = {Pittsburgh, Pennsylvania, USA},
	series = {ICML ’06}
}

@inproceedings{sievert-shirley-2014-ldavis,
	title = "{LDA}vis: A method for visualizing and interpreting topics",
	author = "Sievert, Carson  and
	Shirley, Kenneth",
	booktitle = "Proceedings of the Workshop on Interactive Language Learning, Visualization, and Interfaces",
	month = jun,
	year = "2014",
	address = "Baltimore, Maryland, USA",
	publisher = "Association for Computational Linguistics",
	url = "https://www.aclweb.org/anthology/W14-3110",
	doi = "10.3115/v1/W14-3110",
	pages = "63--70",
}

@unpublished{McCallumMALLET,
	author = "Andrew Kachites McCallum",
	title = "MALLET: A Machine Learning for Language Toolkit",
	note = "http://mallet.cs.umass.edu",
	year = 2002
}

@INPROCEEDINGS{Hoffman10onlinelearning,
	author = {Matthew D. Hoffman and David M. Blei and Francis Bach},
	title = {Online learning for latent dirichlet allocation},
	booktitle = {In NIPS},
	year = {2010}
}

@inproceedings{rehurek_lrec,
	title = {{Software Framework for Topic Modelling with Large Corpora}},
	author = {Radim {\v R}eh{\r u}{\v r}ek and Petr Sojka},
	booktitle = {{Proceedings of the LREC 2010 Workshop on New
	Challenges for NLP Frameworks}},
	pages = {45--50},
	year = 2010,
	month = May,
	day = 22,
	publisher = {ELRA},
	address = {Valletta, Malta},
	note={\url{http://is.muni.cz/publication/884893/en}},
	language={English}