%
% ONLINE
%
@online{hateagile1,
author = {O'Church, M.},
title  = {Why agile and especially SCRUM are terrible},
date   = {2018-09-22},
url    = {https://michaelochurch.wordpress.com/2015/06/06/why-agile-and-especially-scrum-are-terrible/}
}

@unpublished{McCallumMALLET,
	author = "Andrew Kachites McCallum",
	title = "MALLET: A Machine Learning for Language Toolkit",
	note = "http://mallet.cs.umass.edu",
	year = 2002}

@misc{ProbabilisticTopicModels,
	title = {{Probabilistic Topic Models}},
	author = David M. Blei
	year = 2012
	howpublished = {\url{http://www.cs.columbia.edu/~blei/talks/Blei_ICML_2012.pdf}},
	note = {Accessed: 2020-08-17}
}
