%
% Books
%

@book{Reichhardt1,
	Title                    = {Bedürfnisorientierte Marktstrukturanalyse für technische Innovationen: Eine empirische Untersuchung am Beispiel Mobile Commerce},
	Author                   = {Reichhardt, T.},
	Year                     = {2008},
	publisher					 			 = {Gabler Verlag},
	location								 = {{Wiesbaden}, Deutschland},
}

@book{Social1,
	Title                    = {Inventing the Cloud Century: How Cloudiness Keeps Changing Our Life, Economy},
	Author                   = {Oppitz, M. and Tomsu, P.},
	Year                     = {2017},
	publisher					 			 = {Springer},
	location								 = {{Berlin}, Deutschland},
}

@book{tanenbaum,
	Title                    = {Computer Networks},
	Author                   = {Tanenbaum, {A. S.}},
	Year                     = {2002},
	publisher					 			 = {Pearson Education Deutsch},
	location								 = {{New Jersey}, USA},
}


@INPROCEEDINGS{Hoffman10onlinelearning,
	author = {Matthew D. Hoffman and David M. Blei and Francis Bach},
	title = {Online learning for latent dirichlet allocation},
	booktitle = {In NIPS},
	year = {2010}
}

@inproceedings{rehurek_lrec,
	title = {{Software Framework for Topic Modelling with Large Corpora}},
	author = {Radim {\v R}eh{\r u}{\v r}ek and Petr Sojka},
	booktitle = {{Proceedings of the LREC 2010 Workshop on New
	Challenges for NLP Frameworks}},
	pages = {45--50},
	year = 2010,
	month = May,
	day = 22,
	publisher = {ELRA},
	address = {Valletta, Malta},
	note={\url{http://is.muni.cz/publication/884893/en}},
	language={English}
}

@inproceedings{mimno2011optimizing,
	title={Optimizing semantic coherence in topic models},
	author={Mimno, David and Wallach, Hanna M and Talley, Edmund and Leenders, Miriam and McCallum, Andrew},
	booktitle={Proceedings of the conference on empirical methods in natural language processing},
	pages={262--272},
	year={2011},
	organization={Association for Computational Linguistics}
}

@book{walter2016patentmanagement,
	title={Patentmanagement: recherche, analyse, strategie},
	author={Walter, Lothar and Schnittker, Frank C},
	year={2016},
	publisher={Walter de Gruyter GmbH \& Co KG}
}

@book{world2004wipo,
	title={WIPO intellectual property handbook: Policy, law and use},
	author={World Intellectual Property Organization},
	volume={489},
	year={2004},
	publisher={WIPO}
}