%
% Articles
%

@inproceedings{ReliableSOA,
	author = {Thomas, I.},
	year = {2010},
	month = {04},
	pages = {61--72},
	location = {Potsdam, Deutschland},
	editor = {Meinel, C. and Plattner, H. and Döllner, J. and Weske, M. and Polze, A. and Hirschfeld, R. and Naumann, F. and Giese H.},
	booktitle = {Proceedings of the 4th Ph.D. Retreat of the HPI Research School on Service-oriented Systems Engineering},
	title = {Reliable Digital Identities for SOA and the Web},
	publisher = {Hasso Plattner Institut, Universität Potsdam}
}

@ARTICLE{Blei03latentdirichlet,
	author = {David M. Blei and Andrew Y. Ng and Michael I. Jordan and John Lafferty},
	title = {Latent Dirichlet allocation},
	journal = {Journal of Machine Learning Research},
	year = {2003},
	pages = {993--1022}
}

@inproceedings{TopicCoherence,
	author = {R\"{o}der, Michael and Both, Andreas and Hinneburg, Alexander},
	title = {Exploring the Space of Topic Coherence Measures},
	year = {2015},
	isbn = {9781450333177},
	publisher = {Association for Computing Machinery},
	address = {New York, NY, USA},
	url = {https://doi.org/10.1145/2684822.2685324},
	doi = {10.1145/2684822.2685324},
	booktitle = {Proceedings of the Eighth ACM International Conference on Web Search and Data Mining},
	pages = {399–408},
	numpages = {10},
	keywords = {topic evaluation, topic coherence, topic model},
	location = {Shanghai, China},
	series = {WSDM ’15}
}

@inproceedings{dynamicLDA,
	author = {Blei, David M. and Lafferty, John D.},
	title = {Dynamic Topic Models},
	year = {2006},
	isbn = {1595933832},
	publisher = {Association for Computing Machinery},
	address = {New York, NY, USA},
	url = {https://doi.org/10.1145/1143844.1143859},
	doi = {10.1145/1143844.1143859},
	booktitle = {Proceedings of the 23rd International Conference on Machine Learning},
	pages = {113–120},
	numpages = {8},
	location = {Pittsburgh, Pennsylvania, USA},
	series = {ICML ’06}
}

@inproceedings{sievert-shirley-2014-ldavis,
	title = "{LDA}vis: A method for visualizing and interpreting topics",
	author = "Sievert, Carson  and
	Shirley, Kenneth",
	booktitle = "Proceedings of the Workshop on Interactive Language Learning, Visualization, and Interfaces",
	month = jun,
	year = "2014",
	address = "Baltimore, Maryland, USA",
	publisher = "Association for Computational Linguistics",
	url = "https://www.aclweb.org/anthology/W14-3110",
	doi = "10.3115/v1/W14-3110",
	pages = "63--70",
}

@article{harris1954distributional,
	title={Distributional structure},
	author={Harris, Zellig S},
	journal={Word},
	volume={10},
	number={2-3},
	pages={146--162},
	year={1954},
	publisher={Taylor \& Francis}
}

@inproceedings{stevens2012exploring,
	title={Exploring topic coherence over many models and many topics},
	author={Stevens, Keith and Kegelmeyer, Philip and Andrzejewski, David and Buttler, David},
	booktitle={Proceedings of the 2012 Joint Conference on Empirical Methods in Natural Language Processing and Computational Natural Language Learning},
	pages={952--961},
	year={2012},
	organization={Association for Computational Linguistics}
}

@inproceedings{griffiths2004hierarchical,
	title={Hierarchical topic models and the nested chinese restaurant process},
	author={Griffiths, Thomas L and Jordan, Michael I and Tenenbaum, Joshua B and Blei, David M},
	booktitle={Advances in neural information processing systems},
	pages={17--24},
	year={2004}
}

@article{luhn1957statistical,
	title={A statistical approach to mechanized encoding and searching of literary information},
	author={Luhn, Hans Peter},
	journal={IBM Journal of research and development},
	volume={1},
	number={4},
	pages={309--317},
	year={1957},
	publisher={IBM}
}

@article{jones1972statistical,
	title={A statistical interpretation of term specificity and its application in retrieval},
	author={Jones, Karen Sparck},
	journal={Journal of documentation},
	year={1972},
	publisher={MCB UP Ltd}
}