@unknown{unknown,
author = {Roy, Ajit},
year = {2016},
month = {03},
pages = {},
title = {Data Science - A Career Option for 21st Century: Job Prospect in Data Science},
doi = {10.13140/RG.2.1.4174.7608}
}