@article{article,
author = {Alnemr, Rehab and Polyvyanyy, Artem and Abujarour, Møhammed and Appeltauer, Malte and Hildebrandt, Dieter and Thomas, Ivonne and Overdick, Hagen and Schöbel, Michael and Uflacker, Matthias and Kluth, Stephan and Menzel, Michael and Schmidt, Alexander and Hagedorn, Benjamin and Pascalau, Emilian and Perscheid, Michael and Vogel, Thomas and Hentschel, Uwe and Feinbube, Frank and Kowark, Thomas and Becker, Basil},
year = {2010},
month = {04},
pages = {},
title = {Proceedings of the 4th Ph.D. Retreat of the HPI Research School on Service-oriented Systems Engineering}
}